
%T The C Programming Language
%A B. W. Kernighan
%A D. M. Ritchie
%I Prentice-Hall
%C Englewood Cliffs, New Jersey
%D 1978

%T LR Parsing
%A A. V. Aho
%A S. C. Johnson
%J Comp. Surveys
%V 6
%N 2
%P 99-124
%D June 1974

%T Deterministic Parsing of Ambiguous Grammars
%A A. V. Aho
%A S. C. Johnson
%A J. D. Ullman
%J Comm. Assoc. Comp. Mach.
%K acm cacm
%V 18
%N 8
%P 441-452
%D August 1975

%A A. V. Aho
%A J. D. Ullman
%T Principles of Compiler Design
%I Addison-Wesley
%C Reading, Mass.
%D 1977

%R Comp. Sci. Tech. Rep. No. 65
%K CSTR
%A S. C. Johnson
%T Lint, a C Program Checker
%D December 1977
%O updated version TM 78-1273-3
%D 1978

%T A Portable Compiler: Theory and Practice
%A S. C. Johnson
%J Proc. 5th ACM Symp. on Principles of Programming Languages
%P 97-104
%D January 1978

%K cstr
%R Comp. Sci. Tech. Rep. No. 17
%I Bell Laboratories
%C Murray Hill, New Jersey
%A B. W. Kernighan
%A L. L. Cherry
%T A System for Typesetting Mathematics
%d May 1974, revised April 1977
%J Comm. Assoc. Comp. Mach.
%K acm cacm
%V 18
%P 151-157
%D March 1975

%K CSTR
%R Comp. Sci. Tech. Rep. No. 39
%I Bell Laboratories
%C Murray Hill, New Jersey
%A M. E. Lesk
%T Lex \(em A Lexical Analyzer Generator
%D October 1975
