
%A L. P. Deutsch
%A B. W. Lampson
%T An online editor
%J Comm. Assoc. Comp. Mach.
%V 10
%N 12
%D December 1967
%P 793-799, 803
%K qed

%K cstr
%R Comp. Sci. Tech. Rep. No. 17
%I Bell Laboratories
%C Murray Hill, New Jersey
%A B. W. Kernighan
%A L. L. Cherry
%T A System for Typesetting Mathematics
%d May 1974, revised April 1977
%J Comm. Assoc. Comp. Mach.
%K acm cacm
%V 18
%P 151-157
%D March 1975

%T U\s-2NIX\s0 Time-Sharing System: Document Preparation
%K unix bstj
%A B. W. Kernighan
%A M. E. Lesk
%A J. F. Ossanna
%J Bell Sys. Tech. J.
%V 57
%N 6
%P 2115-2135
%D 1978

%A T. A. Dolotta
%A J. R. Mashey
%T An Introduction to the Programmer's Workbench
%J Proc. 2nd Int. Conf. on Software Engineering
%D October 13-15, 1976
%P 164-168

%T U\s-2NIX\s0 Time-Sharing System: The Programmer's Workbench
%A T. A. Dolotta
%A R. C. Haight
%A J. R. Mashey
%J Bell Sys. Tech. J.
%V 57
%N 6
%P 2177-2200
%D 1978
%K unix bstj

%T U\s-2NIX\s0 Time-Sharing System: U\s-2NIX\s0 on a Microprocessor
%K unix bstj
%A H. Lycklama
%J Bell Sys. Tech. J.
%V 57
%N 6
%P 2087-2101
%D 1978

%T The C Programming Language
%A B. W. Kernighan
%A D. M. Ritchie
%I Prentice-Hall
%C Englewood Cliffs, New Jersey
%D 1978

%T Computer Recreations
%A Aleph-null
%J Software Practice and Experience
%V 1
%N 2
%D April-June 1971
%P 201-204

%T U\s-2NIX\s0 Time-Sharing System: The U\s-2NIX\s0 Shell
%A S. R. Bourne
%K unix bstj
%J Bell Sys. Tech. J.
%V 57
%N 6
%P 1971-1990
%D 1978

%A L. P. Deutsch
%A B. W. Lampson
%T \*sSDS\*n 930 time-sharing system preliminary reference manual
%R Doc. 30.10.10, Project \*sGENIE\*n
%C Univ. Cal. at Berkeley
%D April 1965

%A R. J. Feiertag
%A E. I. Organick
%T The Multics input-output system
%J Proc. Third Symposium on Operating Systems Principles
%D October 18-20, 1971
%P 35-41

%A D. G. Bobrow
%A J. D. Burchfiel
%A D. L. Murphy
%A R. S. Tomlinson
%T \*sTENEX\*n, a Paged Time Sharing System for the \*sPDP\*n-10
%J Comm. Assoc. Comp. Mach.
%V 15
%N 3
%D March 1972
%K tenex
%P 135-143
